@article{poc20:gen,
    author = {Pockrandt, C. and Alzamel, M. and Iliopoulos, C. S and Reinert, K.},
    title = {GenMap: ultra-fast computation of genome mappability},
    journal = {Bioinformatics},
    year = 2020,
    key = 1553,
    volume = {36},
    pages = {3687--3692}}

@Article{pir19:hig,
  author = 	 {Pirogov, A. and Pfaffelhuber, P. and B\"orsch-Haubold, A. G. and Haubold, B.},
  title = 	 {High-complexity regions in mammalian genomes are enriched for developmental genes},
  journal = {Bioinformatics},
  volume = 35,
  year = 2019,
  pages = {1813--1819}
}
 